@book{Brown1993,
    Editor = {Brown, Wyn},
    ISBN = {0198539428},
    Publisher = {Oxford [England] : Clarendon Press ; New York : Oxford University Press, 1993.},
    Series = {Monographs on the physics and chemistry of materials: 49},
    Title = {Dynamic light scattering: the method and some applications.},
    Year = {1993},
}
@book{Hecht2002,
    Author = {Hecht, Eugene},
    ISBN = {0805385665},
    Publisher = {Reading, Mass. : Addison-Wesley, c2002.},
    Title = {Optics.},
    Year = {2002},
}
@book{BernePecora1976,
    Author = {Berne, Bruce J. and Pecora, Robert},
    ISBN = {0471071005},
    Publisher = {New York : Wiley, c1976.},
    Title = {Dynamic light scattering: with applications to chemistry, biology, and physics.},
    Year = {1976},
}
@book{Handbook,
    Editor = {Boas, David A. and Pitris, Constantinos and Ramanujam, Nimmi},
    ISBN = {1420090372},
    Publisher = {Boca Raton, FL : CRC Press, c2011.},
    Title = {Handbook of biomedical optics.},
    Year = {2011},
}
@book{Pecora1985,
    Author = {Pecora, Robert},
    ISBN = {0306417901},
    Publisher = {New York : Plenum Press, c1985.},
    Title = {Dynamic light scattering : applications of photon correlation spectroscopy.},
    Year = {1985},
}
@book{Schmitz1990,
    Author = {Schmitz, Kenneth S.},
    ISBN = {978-0-12-627260-4},
    Publisher = {Academic Press.},
    Title = {An introduction to dynamic light scattering of macromolecules.},
    Year = {1990},
}
@book{Madsen2013,
    Editor = {Madsen, Steen J.},
    ISBN = {9781461449782},
    Publisher = {New York, NY : Springer, c2013.},
    Series = {Bioanalysis},
    Title = {Optical methods and instrumentation in brain imaging and therapy.},
    Year = {2013},
}
@book{Becker2005,
    Author = {Becker, W.},
    ISBN = {3540260471},
    Publisher = {Berlin ; New York : Springer, c2005.},
    Series = {Springer series in chemical physics: 81},
    Title = {Advanced time-correlated single photon counting techniques.},
    Year = {2005},
}
@book{CLRS2009,
    Author = {Thomas H. Cormen, Charles E. Leiserson, Ronald L. Rivest and Clifford Stein},
    ISBN = {9780262033848},
    Publisher = {Cambridge, Mass. : MIT Press, c2009.},
    Title = {Introduction to algorithms.},
    Year = {2009},
}
@book{OW1997,
    Author = {Oppenheim, Alan V. and Willsky, Alan S. and Nawab, Syed Hamid},
    ISBN = {0138147574},
    Publisher = {Upper Saddle River, N.J. : Prentice Hall, c1997.},
    Series = {Prentice-Hall signal processing series},
    Title = {Signals \& Systems.},
    Year = {1997},
}